<record><leader>00000cas a2200000 a 4500</leader><controlfield tag="001">22148681</controlfield><controlfield tag="008">900726d19191931orudn ne      0   a0eng c</controlfield><datafield ind1=" " ind2=" " tag="010"><subfield code="a">sn 96088181 </subfield></datafield><datafield ind1=" " ind2=" " tag="040"><subfield code="a">ORY</subfield><subfield code="b">eng</subfield><subfield code="c">ORY</subfield><subfield code="d">OCN</subfield><subfield code="d">OCLCQ</subfield><subfield code="d">OCLCF</subfield><subfield code="d">DLC</subfield></datafield><datafield ind1="0" ind2=" " tag="022"><subfield code="a">2375-1827</subfield><subfield code="2">1</subfield></datafield><datafield ind1=" " ind2=" " tag="042"><subfield code="a">pcc</subfield><subfield code="a">nsdp</subfield></datafield><datafield ind1=" " ind2=" " tag="043"><subfield code="a">n-us-or</subfield></datafield><datafield ind1="0" ind2="0" tag="050"><subfield code="a">Newspaper</subfield></datafield><datafield ind1=" " ind2="4" tag="050"><subfield code="a">AN2</subfield><subfield code="b">.G7x</subfield></datafield><datafield ind1="0" ind2="0" tag="082"><subfield code="a">071</subfield><subfield code="2">23</subfield></datafield><datafield ind1="0" ind2=" " tag="130"><subfield code="a">Grants Pass daily courier (1919)</subfield></datafield><datafield ind1=" " ind2="0" tag="222"><subfield code="a">Grants Pass daily courier</subfield><subfield code="b">(1919. Print)</subfield></datafield><datafield ind1="1" ind2="0" tag="245"><subfield code="a">Grants Pass daily courier.</subfield></datafield><datafield ind1="1" ind2="7" tag="246"><subfield code="a">Daily courier</subfield></datafield><datafield ind1=" " ind2=" " tag="260"><subfield code="a">Grants Pass, Or. :</subfield><subfield code="b">A.E. Voorhies,</subfield><subfield code="c">1919-1931.</subfield></datafield><datafield ind1=" " ind2=" " tag="300"><subfield code="a">v.</subfield></datafield><datafield ind1=" " ind2=" " tag="310"><subfield code="a">Daily (except Sun.)</subfield></datafield><datafield ind1="0" ind2=" " tag="362"><subfield code="a">Vol. 9, no. 83 (Jan. 2, 1919)-v. 21, no. 207 (May 21, 1931) = 2554-5347.</subfield></datafield><datafield ind1=" " ind2=" " tag="530"><subfield code="a">Archived issues are available in digital format from the Library of Congress Chronicling America online collection.</subfield></datafield><datafield ind1=" " ind2="0" tag="651"><subfield code="a">Grants Pass (Or.)</subfield><subfield code="v">Newspapers.</subfield></datafield><datafield ind1=" " ind2="7" tag="651"><subfield code="a">Oregon</subfield><subfield code="z">Grants Pass.</subfield><subfield code="2">fast</subfield><subfield code="0">(OCoLC)fst01213784</subfield></datafield><datafield ind1=" " ind2="7" tag="655"><subfield code="a">Newspapers.</subfield><subfield code="2">fast</subfield><subfield code="0">(OCoLC)fst01423814</subfield></datafield><datafield ind1=" " ind2=" " tag="752"><subfield code="a">United States</subfield><subfield code="b">Oregon</subfield><subfield code="c">Josephine</subfield><subfield code="d">Grants Pass.</subfield></datafield><datafield ind1="0" ind2="8" tag="776"><subfield code="i">Online version:</subfield><subfield code="t">Grants Pass daily courier (1919 : Online)</subfield><subfield code="x">2375-1835</subfield><subfield code="w">(DLC)  2014218613</subfield><subfield code="w">(OCoLC)891725574</subfield></datafield><datafield ind1="0" ind2="0" tag="780"><subfield code="t">Rogue River courier</subfield><subfield code="x">2330-8346</subfield><subfield code="w">(DLC)sn 96088180</subfield><subfield code="w">(OCoLC)37297273</subfield></datafield><datafield ind1="0" ind2="0" tag="785"><subfield code="t">Daily Grants Pass courier</subfield><subfield code="w">(DLC)sn 96088182</subfield><subfield code="w">(OCoLC)37297295</subfield></datafield><datafield ind1="4" ind2="1" tag="856"><subfield code="u">http://www.loc.gov/chroniclingamerica/lccn/sn96088181/issues</subfield></datafield><datafield ind1="1" ind2=" " tag="029"><subfield code="a">AU@</subfield><subfield code="b">000025922496</subfield></datafield></record>